
  <record xmlns="http://www.loc.gov/MARC21/slim">
    <leader>00000cam a2200000 a 4500</leader>
    <controlfield tag="001">2 </controlfield>
    <datafield tag="100" ind1="1" ind2=" ">
      <subfield code="a">Trollope, Anthony,</subfield>
      <subfield code="d">1815-1882.</subfield>
      <subfield code="e">author</subfield>
    </datafield>
    <datafield tag="700" ind1="1" ind2=" ">
      <subfield code="a">Nygaard, Kristen,</subfield>
      <subfield code="e">Übers.</subfield>
    </datafield>
    <datafield tag="700" ind1="1" ind2=" ">
      <subfield code="a">Braun, Almuth</subfield>
      <subfield code="e">Übers.</subfield>
      <subfield code="4">aut</subfield>
    </datafield>
  </record>