
  <record xmlns="http://www.loc.gov/MARC21/slim">
    <leader>00000cam a2200000 a 4500</leader>
    <controlfield tag="001">3 </controlfield>
    <datafield tag="100" ind1="1" ind2=" ">
      <subfield code="a">Trollope, Anthony,</subfield>
      <subfield code="d">1815-1882.</subfield>
      <subfield code="4">edt</subfield>
    </datafield>
    <datafield tag="700" ind1="1" ind2=" ">
      <subfield code="a">Nygaard, Kristen,</subfield>
      <subfield code="d">1926-</subfield>
      <subfield code="0">(DE-588)389666475</subfield>
      <subfield code="0">(DE-588)129116726</subfield>
    </datafield>
    <datafield tag="700" ind1="1" ind2=" ">
      <subfield code="a">Gjessing, S.</subfield>
      <subfield code="q">(Stein),</subfield>
      <subfield code="4">edt</subfield>
      <subfield code="0">(DE-588)129116726</subfield>
      <subfield code="0">(DE-601)389666475</subfield>
    </datafield>
  </record>