
  <record xmlns="http://www.loc.gov/MARC21/slim">
    <leader>00000cam a2200000 a 4500</leader>
    <controlfield tag="001">4 </controlfield>
    <datafield tag="100" ind1="1" ind2=" ">
      <subfield code="a">Trollope, Anthony,</subfield>
      <subfield code="d">1815-1882.</subfield>
      <subfield code="e">Übers.</subfield>
      <subfield code="e">Author</subfield>
      <subfield code="0">(DE-601)389666475</subfield>
      <subfield code="0">(DE-588)129116726</subfield>
    </datafield>
    <datafield tag="700" ind1="1" ind2=" ">
      <subfield code="a">Nygaard, Kristen,</subfield>
      <subfield code="e">editor</subfield>
      <subfield code="e">translator</subfield>
      <subfield code="0">(DE-588)129116726</subfield>
    </datafield>
    <datafield tag="700" ind1="1" ind2=" ">
      <subfield code="a">Donin, Richard Kurt</subfield>
      <subfield code="e">Bearb.</subfield>
      <subfield code="4">arr</subfield>
      <subfield code="0">(DE-601)389666475</subfield>
    </datafield>
  </record>