
  <record xmlns="http://www.loc.gov/MARC21/slim">
    <leader>00000cam a2200000 a 4500</leader>
    <controlfield tag="001">6 </controlfield>
    <datafield tag="100" ind1="1" ind2=" ">
      <subfield code="a">James</subfield>
      <subfield code="b">II,</subfield>
      <subfield code="c">King of England.</subfield>
    </datafield>
    <datafield tag="700" ind1="1" ind2=" ">
      <subfield code="a">Henry</subfield>
      <subfield code="b">VIII,</subfield>
      <subfield code="c">King of England,</subfield>
      <subfield code="d">1491-1547.</subfield>
    </datafield>
    <datafield tag="700" ind1="1" ind2=" ">
      <subfield code="a">Alfonso</subfield>
      <subfield code="b">X,</subfield>
      <subfield code="c">King of Castile and Leon,</subfield>
      <subfield code="e">interviewee.</subfield>
    </datafield>
  </record>